<record><leader>00000cas a2200000 a 4500</leader><controlfield tag="001">8811335</controlfield><controlfield tag="008">820927d18061810kyuwr ne      0   a0eng  </controlfield><datafield ind1=" " ind2=" " tag="010"><subfield code="a">sn 82015738 </subfield></datafield><datafield ind1=" " ind2=" " tag="040"><subfield code="a">DLC</subfield><subfield code="b">eng</subfield><subfield code="c">DLC</subfield><subfield code="d">NPX</subfield><subfield code="d">NPU</subfield><subfield code="d">DLC</subfield><subfield code="d">NPI</subfield><subfield code="d">DLC</subfield><subfield code="d">KNP</subfield><subfield code="d">DLC</subfield><subfield code="d">KNP</subfield><subfield code="d">MGN</subfield><subfield code="d">CVF</subfield><subfield code="d">OCL</subfield><subfield code="d">OCLCO</subfield><subfield code="d">OCLCQ</subfield><subfield code="d">OCLCF</subfield></datafield><datafield ind1="1" ind2=" " tag="029"><subfield code="a">AU@</subfield><subfield code="b">000003012738</subfield></datafield><datafield ind1=" " ind2=" " tag="042"><subfield code="a">pcc</subfield></datafield><datafield ind1=" " ind2=" " tag="043"><subfield code="a">n-us-ky</subfield></datafield><datafield ind1="0" ind2="0" tag="050"><subfield code="a">Newspaper 7885-X</subfield></datafield><datafield ind1="0" ind2=" " tag="130"><subfield code="a">Western world (Frankfort, Ky.)</subfield></datafield><datafield ind1="1" ind2="4" tag="245"><subfield code="a">The western world.</subfield></datafield><datafield ind1=" " ind2=" " tag="260"><subfield code="a">Frankfort, K. [Ky.] :</subfield><subfield code="b">Joseph M. Street &amp; Co.,</subfield><subfield code="c">1806-</subfield></datafield><datafield ind1=" " ind2=" " tag="300"><subfield code="a">v. ;</subfield><subfield code="c">50-68 cm.</subfield></datafield><datafield ind1=" " ind2=" " tag="310"><subfield code="a">Weekly</subfield></datafield><datafield ind1="0" ind2=" " tag="362"><subfield code="a">Vol. 1, no. 1 (July 7, 1806)-</subfield></datafield><datafield ind1="1" ind2=" " tag="362"><subfield code="a">Ceased June 22, 1810?</subfield></datafield><datafield ind1=" " ind2=" " tag="500"><subfield code="a">Publishers: Joseph M. Street, 1806-1809; Gore &amp; Barnes, 1809; Henry Gore, 1809-1810.</subfield></datafield><datafield ind1=" " ind2="0" tag="651"><subfield code="a">Frankfort (Ky.)</subfield><subfield code="v">Newspapers.</subfield></datafield><datafield ind1=" " ind2="0" tag="651"><subfield code="a">Franklin County (Ky.)</subfield><subfield code="v">Newspapers.</subfield></datafield><datafield ind1=" " ind2="7" tag="655"><subfield code="a">Newspapers.</subfield><subfield code="2">fast</subfield><subfield code="0">(OCoLC)fst01423814</subfield></datafield><datafield ind1=" " ind2="7" tag="651"><subfield code="a">Kentucky</subfield><subfield code="z">Frankfort.</subfield><subfield code="2">fast</subfield><subfield code="0">(OCoLC)fst01209804</subfield></datafield><datafield ind1=" " ind2="7" tag="651"><subfield code="a">Kentucky</subfield><subfield code="z">Franklin County.</subfield><subfield code="2">fast</subfield><subfield code="0">(OCoLC)fst01218114</subfield></datafield><datafield ind1=" " ind2=" " tag="752"><subfield code="a">United States</subfield><subfield code="b">Kentucky</subfield><subfield code="c">Franklin</subfield><subfield code="d">Frankfort.</subfield></datafield><datafield ind1="0" ind2="0" tag="785"><subfield code="t">American republic (Frankfort, Ky.)</subfield><subfield code="w">(DLC)sn 84024478</subfield></datafield></record>